

@article{szegedy2017inception,
	title={Inception-v4, Inception-ResNet and the Impact of Residual Connections on Learning},
	author={Szegedy, Christian and Ioffe, Sergey and Vanhoucke, Vincent},
	journal={THIRTY-FIRST AAAI CONFERENCE ON ARTIFICIAL INTELLIGENCE},
	pages={4278--4284},
	year={2017}
}

@article{rajalingham2018large,
	author = {Rajalingham, Rishi and Issa, Elias B and Bashivan, Pouya and Kar, Kohitij and Schmidt, Kailyn and DiCarlo, James J},
	title = {Large-scale, high-resolution comparison of the core visual object recognition behavior of humans, monkeys, and state-of-the-art deep artificial neural networks},
	journal = {Journal of Neuroscience},
	volume = {38},
	number = {33},
	pages = {7255-7269},
	ISSN = {0270-6474},
	year = {2018},
	type = {Journal Article}
}

@article{ILSVRC15,
	author = {Russakovsky, Olga and Deng, Jia and Su, Hao and Krause, Jonathan and Satheesh, Sanjeev and Ma, Sean and Huang, Zhiheng and Karpathy, Andrej and Khosla, Aditya and Bernstein, Michael},
	title = {Imagenet large scale visual recognition challenge},
	journal = {International journal of computer vision},
	volume = {115},
	number = {3},
	pages = {211-252},
	ISSN = {0920-5691},
	year = {2015},
	type = {Journal Article}
}

@techreport{schmidt2021national,
	title={National security commission on artificial intelligence (AI)},
	author={Schmidt, Eric and Work, Bob and Catz, Safra and Chien, Steve and Darby, Chris and Ford, Kenneth and Griffiths, Jose-Marie and Horvitz, Eric and Jassy, Andrew and Mark, William and others},
	year={2021},
	institution={National Security Commission on Artificial Intellegence}
}

@article{SchrimpfKubilius2018BrainScore,
	author = {Schrimpf, Martin and Kubilius, Jonas and Hong, Ha and Majaj, Najib J and Rajalingham, Rishi and Issa, Elias B and Kar, Kohitij and Bashivan, Pouya and Prescott-Roy, Jonathan and Schmidt, Kailyn},
	title = {Brain-score: Which artificial neural network for object recognition is most brain-like?},
	journal = {BioRxiv},
	pages = {407007},
	year = {2018},
	type = {Journal Article}
}

@inproceedings{huang2013audio,
	title={Audio-visual deep learning for noise robust speech recognition},
	author={Huang, Jing and Kingsbury, Brian},
	booktitle={2013 IEEE international conference on acoustics, speech and signal processing},
	pages={7596--7599},
	year={2013},
	organization={IEEE}
}

@article{van2018threshold,
	title={The threshold for conscious report: Signal loss and response bias in visual and frontal cortex},
	author={Van Vugt, Bram and Dagnino, Bruno and Vartak, Devavrat and Safaai, Houman and Panzeri, Stefano and Dehaene, Stanislas and Roelfsema, Pieter R},
	journal={Science},
	volume={360},
	number={6388},
	pages={537--542},
	year={2018},
	publisher={American Association for the Advancement of Science}
}

@article{demertzi2019human,
	title={Human consciousness is supported by dynamic complex patterns of brain signal coordination},
	author={Demertzi, Athena and Tagliazucchi, Enzo and Dehaene, Stanislas and Deco, Gustavo and Barttfeld, Pablo and Raimondo, Federico and Martial, Charlotte and Fern{\'a}ndez-Espejo, Davinia and Rohaut, Benjamin and Voss, HU and others},
	journal={Science advances},
	volume={5},
	number={2},
	pages={eaat7603},
	year={2019},
	publisher={American Association for the Advancement of Science}
}

@article{mashour2020conscious,
	title={Conscious processing and the global neuronal workspace hypothesis},
	author={Mashour, George A and Roelfsema, Pieter and Changeux, Jean-Pierre and Dehaene, Stanislas},
	journal={Neuron},
	volume={105},
	number={5},
	pages={776--798},
	year={2020},
	publisher={Elsevier}
}

@article{dehaene2011experimental,
	title={Experimental and theoretical approaches to conscious processing},
	author={Dehaene, Stanislas and Changeux, Jean-Pierre},
	journal={Neuron},
	volume={70},
	number={2},
	pages={200--227},
	year={2011},
	publisher={Elsevier}
}

@inproceedings{radford2021learning,
	title={Learning transferable visual models from natural language supervision},
	author={Radford, Alec and Kim, Jong Wook and Hallacy, Chris and Ramesh, Aditya and Goh, Gabriel and Agarwal, Sandhini and Sastry, Girish and Askell, Amanda and Mishkin, Pamela and Clark, Jack and others},
	booktitle={International Conference on Machine Learning},
	pages={8748--8763},
	year={2021},
	organization={PMLR}
}

@article{decoding_fMRI,
	title={基于多体素模式分析的 fMRI 视觉解码研究综述},
	author={童莉 and 王理军 and 郑载舟 and 闫镔},
	journal={信息工程大学学报},
	volume={16},
	number={1},
	pages={66--72},
	year={2015}
}

@mastersthesis{deep_fMRI,
	title={基于深度网络的 fMRI 视觉信息编码模型研究},
	author={胡逸聪},
	year={2018},
	school={战略支援部队信息工程大学}
}

@article{gaillard2009converging,
	title={Converging intracranial markers of conscious access},
	author={Gaillard, Rapha{\"e}l and Dehaene, Stanislas and Adam, Claude and Cl{\'e}menceau, St{\'e}phane and Hasboun, Dominique and Baulac, Michel and Cohen, Laurent and Naccache, Lionel},
	journal={PLoS biology},
	volume={7},
	number={3},
	pages={e1000061},
	year={2009},
	publisher={Public Library of Science San Francisco, USA}
}

@article{mashour2020conscious,
	title={Conscious processing and the global neuronal workspace hypothesis},
	author={Mashour, George A and Roelfsema, Pieter and Changeux, Jean-Pierre and Dehaene, Stanislas},
	journal={Neuron},
	volume={105},
	number={5},
	pages={776--798},
	year={2020},
	publisher={Elsevier}
}

@article{sanchez2020decoding,
	title={Decoding across sensory modalities reveals common supramodal signatures of conscious perception},
	author={Sanchez, Ga{\"e}tan and Hartmann, Thomas and Fusc{\`a}, Marco and Demarchi, Gianpaolo and Weisz, Nathan},
	journal={Proceedings of the National Academy of Sciences},
	volume={117},
	number={13},
	pages={7437--7446},
	year={2020},
	publisher={National Acad Sciences}
}

@article{sergent2005timing,
	title={Timing of the brain events underlying access to consciousness during the attentional blink},
	author={Sergent, Claire and Baillet, Sylvain and Dehaene, Stanislas},
	journal={Nature neuroscience},
	volume={8},
	number={10},
	pages={1391--1400},
	year={2005},
	publisher={Nature Publishing Group}
}

@article{sergent2021bifurcation,
	title={Bifurcation in brain dynamics reveals a signature of conscious processing independent of report},
	author={Sergent, Claire and Corazzol, Martina and Labouret, Ghislaine and Stockart, Fran{\c{c}}ois and Wexler, Mark and King, Jean-R{\'e}mi and Meyniel, Florent and Pressnitzer, Daniel},
	journal={Nature communications},
	volume={12},
	number={1},
	pages={1--19},
	year={2021},
	publisher={Nature Publishing Group}
}

@article{dehaene2001towards,
	title={Towards a cognitive neuroscience of consciousness: basic evidence and a workspace framework},
	author={Dehaene, Stanislas and Naccache, Lionel},
	journal={Cognition},
	volume={79},
	number={1-2},
	pages={1--37},
	year={2001},
	publisher={Elsevier}
}

@article{reed2022generalist,
	title={A generalist agent},
	author={Reed, Scott and Zolna, Konrad and Parisotto, Emilio and Colmenarejo, Sergio Gomez and Novikov, Alexander and Barth-Maron, Gabriel and Gimenez, Mai and Sulsky, Yury and Kay, Jackie and Springenberg, Jost Tobias and others},
	journal={arXiv preprint arXiv:2205.06175},
	year={2022}
}

@article{likhosherstov2021polyvit,
	title={Polyvit: Co-training vision transformers on images, videos and audio},
	author={Likhosherstov, Valerii and Arnab, Anurag and Choromanski, Krzysztof and Lucic, Mario and Tay, Yi and Weller, Adrian and Dehghani, Mostafa},
	journal={arXiv preprint arXiv:2111.12993},
	year={2021}
}

@article{rouditchenko2020avlnet,
	title={Avlnet: Learning audio-visual language representations from instructional videos},
	author={Rouditchenko, Andrew and Boggust, Angie and Harwath, David and Chen, Brian and Joshi, Dhiraj and Thomas, Samuel and Audhkhasi, Kartik and Kuehne, Hilde and Panda, Rameswar and Feris, Rogerio and others},
	journal={arXiv preprint arXiv:2006.09199},
	year={2020}
}

@article{shrestha2018slayer,
	title={Slayer: Spike layer error reassignment in time},
	author={Shrestha, Sumit B and Orchard, Garrick},
	journal={Advances in neural information processing systems},
	volume={31},
	year={2018}
}

@article{st2018feature,
	title={The feature-weighted receptive field: an interpretable encoding model for complex feature spaces},
	author={St-Yves, Ghislain and Naselaris, Thomas},
	journal={NeuroImage},
	volume={180},
	pages={188--202},
	year={2018},
	publisher={Elsevier}
}

@article{horikawa2020neural,
	title={The neural representation of visually evoked emotion is high-dimensional, categorical, and distributed across transmodal brain regions},
	author={Horikawa, Tomoyasu and Cowen, Alan S and Keltner, Dacher and Kamitani, Yukiyasu},
	journal={Iscience},
	volume={23},
	number={5},
	pages={101060},
	year={2020},
	publisher={Elsevier}
}

@article{wen2018neural,
	title={Neural encoding and decoding with deep learning for dynamic natural vision},
	author={Wen, Haiguang and Shi, Junxing and Zhang, Yizhen and Lu, Kun-Han and Cao, Jiayue and Liu, Zhongming},
	journal={Cerebral cortex},
	volume={28},
	number={12},
	pages={4136--4160},
	year={2018},
	publisher={Oxford University Press}
}

@inproceedings{zhang2018brain,
	title={Brain-inspired Balanced Tuning for Spiking Neural Networks.},
	author={Zhang, Tielin and Zeng, Yi and Zhao, Dongcheng and Xu, Bo},
	booktitle={IJCAI},
	pages={1653--1659},
	year={2018},
	organization={Stockholm}
}

@article{horikawa2017generic,
	title={Generic decoding of seen and imagined objects using hierarchical visual features},
	author={Horikawa, Tomoyasu and Kamitani, Yukiyasu},
	journal={Nature communications},
	volume={8},
	number={1},
	pages={1--15},
	year={2017},
	publisher={Nature Publishing Group}
}

@inproceedings{szegedy2015going,
	title={Going deeper with convolutions},
	author={Szegedy, Christian and Liu, Wei and Jia, Yangqing and Sermanet, Pierre and Reed, Scott and Anguelov, Dragomir and Erhan, Dumitru and Vanhoucke, Vincent and Rabinovich, Andrew},
	booktitle={Proceedings of the IEEE conference on computer vision and pattern recognition},
	pages={1--9},
	year={2015}
}

@inproceedings{he2016deep,
	title={Deep residual learning for image recognition},
	author={He, Kaiming and Zhang, Xiangyu and Ren, Shaoqing and Sun, Jian},
	booktitle={Proceedings of the IEEE conference on computer vision and pattern recognition},
	pages={770--778},
	year={2016}
}

@article{simonyan2014very,
	title={Very deep convolutional networks for large-scale image recognition},
	author={Simonyan, Karen and Zisserman, Andrew},
	journal={arXiv preprint arXiv:1409.1556},
	year={2014}
}

@article{gundogdu2017extending,
	title={Extending correlation filter-based visual tracking by tree-structured ensemble and spatial windowing},
	author={Gundogdu, Erhan and Ozkan, Huseyin and Alatan, A Ayd{\i}n},
	journal={IEEE Transactions on Image Processing},
	volume={26},
	number={11},
	pages={5270--5283},
	year={2017},
	publisher={IEEE}
}

@inproceedings{bai2013randomized,
	title={Randomized ensemble tracking},
	author={Bai, Qinxun and Wu, Zheng and Sclaroff, Stan and Betke, Margrit and Monnier, Camille},
	booktitle={Proceedings of the IEEE International Conference on Computer Vision},
	pages={2040--2047},
	year={2013}
}

@article{avidan2007ensemble,
	title={Ensemble tracking},
	author={Avidan, Shai},
	journal={IEEE transactions on pattern analysis and machine intelligence},
	volume={29},
	number={2},
	pages={261--271},
	year={2007},
	publisher={IEEE}
}

@inproceedings{wang2018multi,
	title={Multi-cue correlation filters for robust visual tracking},
	author={Wang, Ning and Zhou, Wengang and Tian, Qi and Hong, Richang and Wang, Meng and Li, Houqiang},
	booktitle={Proceedings of the IEEE conference on computer vision and pattern recognition},
	pages={4844--4853},
	year={2018}
}

@article{li2017robust,
	title={Robust object tracking with discrete graph-based multiple experts},
	author={Li, Jiatong and Deng, Chenwei and Da Xu, Richard Yi and Tao, Dacheng and Zhao, Baojun},
	journal={IEEE Transactions on Image Processing},
	volume={26},
	number={6},
	pages={2736--2750},
	year={2017},
	publisher={IEEE}
}

@inproceedings{zhang2014meem,
	title={MEEM: robust tracking via multiple experts using entropy minimization},
	author={Zhang, Jianming and Ma, Shugao and Sclaroff, Stan},
	booktitle={European conference on computer vision},
	pages={188--203},
	year={2014},
	organization={Springer}
}

@inproceedings{li2018learning,
	title={Learning spatial-temporal regularized correlation filters for visual tracking},
	author={Li, Feng and Tian, Cheng and Zuo, Wangmeng and Zhang, Lei and Yang, Ming-Hsuan},
	booktitle={Proceedings of the IEEE conference on computer vision and pattern recognition},
	pages={4904--4913},
	year={2018}
}

@inproceedings{danelljan2016beyond,
	title={Beyond correlation filters: Learning continuous convolution operators for visual tracking},
	author={Danelljan, Martin and Robinson, Andreas and Shahbaz Khan, Fahad and Felsberg, Michael},
	booktitle={European conference on computer vision},
	pages={472--488},
	year={2016},
	organization={Springer}
}

@inproceedings{hong2015online,
	title={Online tracking by learning discriminative saliency map with convolutional neural network},
	author={Hong, Seunghoon and You, Tackgeun and Kwak, Suha and Han, Bohyung},
	booktitle={International conference on machine learning},
	pages={597--606},
	year={2015},
	organization={PMLR}
}

@inproceedings{song2017crest,
	title={Crest: Convolutional residual learning for visual tracking},
	author={Song, Yibing and Ma, Chao and Gong, Lijun and Zhang, Jiawei and Lau, Rynson WH and Yang, Ming-Hsuan},
	booktitle={Proceedings of the IEEE international conference on computer vision},
	pages={2555--2564},
	year={2017}
}

@inproceedings{yu2020deformable,
	title={Deformable siamese attention networks for visual object tracking},
	author={Yu, Yuechen and Xiong, Yilei and Huang, Weilin and Scott, Matthew R},
	booktitle={Proceedings of the IEEE/CVF conference on computer vision and pattern recognition},
	pages={6728--6737},
	year={2020}
}

@inproceedings{bertinetto2016fully,
	title={Fully-convolutional siamese networks for object tracking},
	author={Bertinetto, Luca and Valmadre, Jack and Henriques, Joao F and Vedaldi, Andrea and Torr, Philip HS},
	booktitle={European conference on computer vision},
	pages={850--865},
	year={2016},
	organization={Springer}
}

@article{turbe,
	title={结合定向扰动和 HOG 特征的卷积神经网络目标跟踪},
	author={赵赫东 and 何小冬 and 何苗 and 贺逸豪 and 雷俊茹},
	journal={计算机辅助设计与图形学学报},
	volume={10},
	year={2019}
}

@inproceedings{li2019target,
	title={Target-aware deep tracking},
	author={Li, Xin and Ma, Chao and Wu, Baoyuan and He, Zhenyu and Yang, Ming-Hsuan},
	booktitle={Proceedings of the IEEE/CVF conference on computer vision and pattern recognition},
	pages={1369--1378},
	year={2019}
}

@inproceedings{nam2016learning,
	title={Learning multi-domain convolutional neural networks for visual tracking},
	author={Nam, Hyeonseob and Han, Bohyung},
	booktitle={Proceedings of the IEEE conference on computer vision and pattern recognition},
	pages={4293--4302},
	year={2016}
}

@article{high_confi,
	title={高置信度互补学习的实时目标跟踪},
	author={郭伟 and 邢宇哲 and 曲海成},
	year={2019},
	publisher={中国图象图形学报}
}

@article{henriques2014high,
	title={High-speed tracking with kernelized correlation filters},
	author={Henriques, Jo{\~a}o F and Caseiro, Rui and Martins, Pedro and Batista, Jorge},
	journal={IEEE transactions on pattern analysis and machine intelligence},
	volume={37},
	number={3},
	pages={583--596},
	year={2014},
	publisher={IEEE}
}

@inproceedings{bolme2010visual,
	title={Visual object tracking using adaptive correlation filters},
	author={Bolme, David S and Beveridge, J Ross and Draper, Bruce A and Lui, Yui Man},
	booktitle={2010 IEEE computer society conference on computer vision and pattern recognition},
	pages={2544--2550},
	year={2010},
	organization={IEEE}
}

@article{zuo2018learning,
	title={Learning support correlation filters for visual tracking},
	author={Zuo, Wangmeng and Wu, Xiaohe and Lin, Liang and Zhang, Lei and Yang, Ming-Hsuan},
	journal={IEEE transactions on pattern analysis and machine intelligence},
	volume={41},
	number={5},
	pages={1158--1172},
	year={2018},
	publisher={IEEE}
}

@article{hare2015struck,
	title={Struck: Structured output tracking with kernels},
	author={Hare, Sam and Golodetz, Stuart and Saffari, Amir and Vineet, Vibhav and Cheng, Ming-Ming and Hicks, Stephen L and Torr, Philip HS},
	journal={IEEE transactions on pattern analysis and machine intelligence},
	volume={38},
	number={10},
	pages={2096--2109},
	year={2015},
	publisher={IEEE}
}

@article{kalal2011tracking,
	title={Tracking-learning-detection},
	author={Kalal, Zdenek and Mikolajczyk, Krystian and Matas, Jiri},
	journal={IEEE transactions on pattern analysis and machine intelligence},
	volume={34},
	number={7},
	pages={1409--1422},
	year={2011},
	publisher={IEEE}
}

@article{babenko2010robust,
	title={Robust object tracking with online multiple instance learning},
	author={Babenko, Boris and Yang, Ming-Hsuan and Belongie, Serge},
	journal={IEEE transactions on pattern analysis and machine intelligence},
	volume={33},
	number={8},
	pages={1619--1632},
	year={2010},
	publisher={IEEE}
}

@article{qi2018structure,
	title={Structure-aware local sparse coding for visual tracking},
	author={Qi, Yuankai and Qin, Lei and Zhang, Jian and Zhang, Shengping and Huang, Qingming and Yang, Ming-Hsuan},
	journal={IEEE Transactions on Image Processing},
	volume={27},
	number={8},
	pages={3857--3869},
	year={2018},
	publisher={IEEE}
}

@article{mei2011robust,
	title={Robust visual tracking and vehicle classification via sparse representation},
	author={Mei, Xue and Ling, Haibin},
	journal={IEEE transactions on pattern analysis and machine intelligence},
	volume={33},
	number={11},
	pages={2259--2272},
	year={2011},
	publisher={IEEE}
}

@inproceedings{sui2016tracking,
	title={Tracking completion},
	author={Sui, Yao and Wang, Guanghui and Tang, Yafei and Zhang, Li},
	booktitle={European Conference on Computer Vision},
	pages={194--209},
	year={2016},
	organization={Springer}
}

@article{ross2008incremental,
	title={Incremental learning for robust visual tracking},
	author={Ross, David A and Lim, Jongwoo and Lin, Ruei-Sung and Yang, Ming-Hsuan},
	journal={International journal of computer vision},
	volume={77},
	number={1},
	pages={125--141},
	year={2008},
	publisher={Springer}
}

@article{li2020reliable,
	title={Reliable correlation tracking via dual-memory selection model},
	author={Li, Guiji and Peng, Manman and Nai, Ke and Li, Zhiyong and Li, Keqin},
	journal={Information Sciences},
	volume={518},
	pages={238--255},
	year={2020},
	publisher={Elsevier}
}

@article{nai2019multi,
	title={Multi-pattern correlation tracking},
	author={Nai, Ke and Xiao, Degui and Li, Zhiyong and Jiang, Shilong and Gu, Yu},
	journal={Knowledge-Based Systems},
	volume={181},
	pages={104789},
	year={2019},
	publisher={Elsevier}
}

@article{li2018visual,
	title={Visual tracking via context-aware local sparse appearance model},
	author={Li, Guiji and Peng, Manman and Nai, Ke and Li, Zhiyong and Li, Keqin},
	journal={Journal of Visual Communication and Image Representation},
	volume={56},
	pages={92--105},
	year={2018},
	publisher={Elsevier}
}

@article{nai2018robust,
	title={Robust object tracking via local sparse appearance model},
	author={Nai, Ke and Li, Zhiyong and Li, Guiji and Wang, Shanquan},
	journal={IEEE Transactions on Image Processing},
	volume={27},
	number={10},
	pages={4958--4970},
	year={2018},
	publisher={IEEE}
}

@inproceedings{li2019siamrpn,
	title={Siamrpn++: Evolution of siamese visual tracking with very deep networks},
	author={Li, Bo and Wu, Wei and Wang, Qiang and Zhang, Fangyi and Xing, Junliang and Yan, Junjie},
	booktitle={Proceedings of the IEEE/CVF Conference on Computer Vision and Pattern Recognition},
	pages={4282--4291},
	year={2019}
}

@article{kernel_relate,
	title={采用核相关滤波的快速 TLD 视觉目标跟踪},
	author={王姣尧 and 侯志强 and 余旺盛 and 廖秀峰 and 陈传华},
	year={2018},
	publisher={中国图象图形学报}
}

@inproceedings{kristan2019seventh,
	title={The seventh visual object tracking vot2019 challenge results},
	author={Kristan, Matej and Matas, Jiri and Leonardis, Ales and Felsberg, Michael and Pflugfelder, Roman and Kamarainen, Joni-Kristian and ˇCehovin Zajc, Luka and Drbohlav, Ondrej and Lukezic, Alan and Berg, Amanda and others},
	booktitle={Proceedings of the IEEE/CVF International Conference on Computer Vision Workshops},
	pages={0--0},
	year={2019}
}

@inproceedings{wu2013online,
	title={Online object tracking: A benchmark},
	author={Wu, Yi and Lim, Jongwoo and Yang, Ming-Hsuan},
	booktitle={Proceedings of the IEEE conference on computer vision and pattern recognition},
	pages={2411--2418},
	year={2013}
}

@book{ml_zhou,
	title={机器学习},
	author={周志华},
	publisher={机器学习},
	year={2016},
}

@inproceedings{dai2019visual,
	title={Visual tracking via adaptive spatially-regularized correlation filters},
	author={Dai, Kenan and Wang, Dong and Lu, Huchuan and Sun, Chong and Li, Jianhua},
	booktitle={Proceedings of the IEEE/CVF Conference on Computer Vision and Pattern Recognition},
	pages={4670--4679},
	year={2019}
}

@article{wang2020real,
	title={Real-time correlation tracking via joint model compression and transfer},
	author={Wang, Ning and Zhou, Wengang and Song, Yibing and Ma, Chao and Li, Houqiang},
	journal={IEEE Transactions on Image Processing},
	volume={29},
	pages={6123--6135},
	year={2020},
	publisher={IEEE}
}

@article{li2018deep,
	title={Deep visual tracking: Review and experimental comparison},
	author={Li, Peixia and Wang, Dong and Wang, Lijun and Lu, Huchuan},
	journal={Pattern Recognition},
	volume={76},
	pages={323--338},
	year={2018},
	publisher={Elsevier}
}

@article{smeulders2013visual,
	title={Visual tracking: An experimental survey},
	author={Smeulders, Arnold WM and Chu, Dung M and Cucchiara, Rita and Calderara, Simone and Dehghan, Afshin and Shah, Mubarak},
	journal={IEEE transactions on pattern analysis and machine intelligence},
	volume={36},
	number={7},
	pages={1442--1468},
	year={2013},
	publisher={IEEE}
}

@article{mot_survey,
	title={目标跟踪算法综述},
	author={孟琭 and 杨旭},
	journal={自动化学报},
	number={7},
	pages={1244--1260},
	year={2019}
}

@article{ai_development,
	title={新一代人工智能发展规划},
	journal={科技创新与生产力},
	number={4},
	pages={52-66},
	year={2017},
}

@book{2016Preparing,
	title={Preparing for the Future of Artificial Intelligence},
	author={ Council, S. T.  and  Press, P. H. },
	publisher={Preparing for the Future of Artificial Intelligence},
	year={2016},
}

@article{white_paper,
	title={中国电信发布人工智能发展白皮书},
	author={吕惠},
	journal={计算机与网络},
	volume={13},
	year={2019}
}

@article{dehaene2001towards,
	title={Towards a cognitive neuroscience of consciousness: basic evidence and a workspace framework},
	author={Dehaene, Stanislas and Naccache, Lionel},
	journal={Cognition},
	volume={79},
	number={1-2},
	pages={1--37},
	year={2001},
	publisher={Elsevier}
}

@article{gaze_forrest,
	title={A studyforrest extension, simultaneous fMRI and eye gaze recordings during prolonged natural stimulation},
	author={Hanke, Michael and Adelhöfer, Nico and Kottke, Daniel and Iacovella, Vittorio and Sengupta, Ayan and Kaule, R. Falko and Nigbur, Roland and Waite, Q. Alexander and Baumgartner, Florian and Stadler, Jörg},
	journal={Scientific Data},
	year={2016}
}

@article{gold_standard,
	title={Is human classification by experienced untrained observers a gold standard in fixation detection?},
	author={Hooge, T C Ignace and Niehorster, C Diederick and Nyström, Marcus and Andersson, Richard and Hessels, S Roy},
	journal={Behavior research methods},
	pages={1864.0--1881.0},
	year={2017}
}

@article{neural_sp,
	title={The neural basis of smooth pursuit eye movements in the rhesus monkey brain},
	author={Ilg, J. Uwe and Thier, Peter},
	journal={Brain and Cognition},
	pages={229--240},
	year={2008}
}



@article{li2014object,
  title={Object bank: An object-level image representation for high-level visual recognition},
  author={Li, Li-Jia and Su, Hao and Lim, Yongwhan and Fei-Fei, Li},
  journal={International journal of computer vision},
  volume={107},
  number={1},
  pages={20--39},
  year={2014},
  publisher={Springer},
   address={Germany},
}

@article{bengio2013representation,
  title={Representation learning: A review and new perspectives},
  author={Bengio, Yoshua and Courville, Aaron and Vincent, Pierre},
  journal={Pattern Analysis and Machine Intelligence, IEEE Transactions on},
  volume={35},
  number={8},
  pages={1798--1828},
  year={2013},
  publisher={IEEE}
}